
@inproceedings{CG1,
 author = {J. P. Zagal, J. Rick, and I. Hsi},
 title = {Collaborative games: Lessons learned from board games},
 booktitle = {Simulation and Gaming, vol.37},
 year = {2006},
 pages = {24-40},
} 

[1]J. P. Zagal, J. Rick, and I. Hsi, “Collaborative games: Lessons learned from board games,” Simulation & Gaming, vol. 37, pp. 24-40, 2006.

@inproceedings{CG2,
 author = {S. Bj{\"o}rk and J. Holopainen},
 title = {Patterns in Game Design.},
 publisher = "California, USA: Charles River Media",
 year = {2004},
} 

[2]S. Björk and J. Holopainen, Patterns in Game Design. California, USA: Charles River Media, 2004.

@inproceedings{CG3,
 author = {J. Zagal, M. Mateas, C. Fernandez-Vara, B. Hochhalter, and N. Lichti},
 title = {Towards an Ontological Language for Game Analysis,},
 booktitle = {Digital Interactive Games Research Association Conference (DiGRA 2005)},
 year = {2005},
} 

[3]J. Zagal, M. Mateas, C. Fernandez-Vara, B. Hochhalter, and N. Lichti, “Towards an Ontological Language for Game Analysis,” in Digital Interactive Games Research Association Conference (DiGRA 2005), 2005.

@inproceedings{CG4,
 author = {J. B. Rocha, S. Mascarenhas, and R. Prada},
 title = {Game Mechanics for Cooperative Games,},
 booktitle = {ZDN Digital Game},
 year = {2008},
} 

[4]J. B. Rocha, S. Mascarenhas, and R. Prada, “Game Mechanics for Cooperative Games,” in ZDN Digital Game, 2008.

@misc{CG5,
  title = {{Wolmet Barendregt, You have to die!: parents and children playing cooperative games}},
}

[5]Wolmet Barendregt, You have to die!: parents and children playing cooperative games ,

@inproceedings{CG6,
 author = {Mark Rice},
 title = {The dynamics of younger and older adult's paired behavior when playing an interactive silhouette game},
 booktitle = {Proc. CHI 2013},
 year = {2013},
 publisher = {ACM SIGCHI},
} 

[6]Mark Rice,The dynamics of younger and older adult's paired behavior when playing an interactive silhouette game, CHI’13

@inproceedings{CG7,
 author = {Hamiton A},
 title = {Designing action-based exergames for children with cerebral palsy},
 booktitle = {Proc. CHI 2013},
 year = {2013},
 publisher = {ACM SIGCHI},
} 

[7] Hamiton A, Designing action-based exergames for children with cerebral palsy, CHI’13

========================================================================================================================================
====================================================================
====================================================================
====================================================================

@misc{acrobat,
  key = "acrobat",
  title = {{Adobe Acrobat Reader 7}},
   note = {\url{http://www.adobe.com/products/acrobat/}}
}

@article{ethics,
  title = {{Social Impacts of Computing: Codes of Professional Ethics}},
  author = {Ronald E. Anderson},
  doi = "10.1177/089443939201000402",
  journal = "Social Science Computer Review December",
  year = 1992,
  volume = 10,
  number = 4,
  pages = "453-469"
}

@misc{acm_categories,
  key = "association",
  title = {{How to Classify Works Using ACM's Computing Classification System}},
  note = {\url{http://www.acm.org/class/how_to_use.html}},
},

@inproceedings{Klemmer:2002:WSC:503376.503378,
 author = {Klemmer, Scott R. and Thomsen, Michael and Phelps-Goodman, Ethan and Lee, Robert and Landay, James A.},
 title = {Where do web sites come from?: capturing and interacting with design history},
 booktitle = {Proc. CHI 2002},
 year = {2002},
 pages = {1--8},
 publisher = {ACM Press},
} 

@inproceedings{Mather:2000:MUT,
  title = {Making up titles for conference papers},
  author = {Mather, B. D.},
  booktitle = {Ext. Abstracts CHI 2000},
  year = 2000,
  publisher = "ACM Press",
  pages = "1-2",
}

@book{Schwartz:1995:GBF,
  title = {{Guidelines for Bias-Free Writing}},
  author = {Schwartz, Marilyn},
  publisher = {Indiana University Press},
  location = {Bloomington, IN, USA},
  year = 1995,
}

@inproceedings{Zellweger:2001:FAO:504216.504224,
 author = {Zellweger, Polle T. and Bouvin, Niels Olof and Jeh{\o}j, Henning and Mackinlay, Jock D.},
 title = {Fluid annotations in an open world},
 booktitle = {Proc. Hypertext 2001},
 year = {2001},
 pages = {9--18},
 publisher = {ACM Press},
} 

